<?xml version="1.0" encoding="UTF-8"?><collection><record><leader>04858ntm a2200529 a 4500</leader><controlfield tag="001">006491348</controlfield><controlfield tag="003">MiAaHDL</controlfield><controlfield tag="005">20190719000000.0</controlfield><controlfield tag="006">m        d        </controlfield><controlfield tag="007">cr bn ---auaua</controlfield><controlfield tag="008">090413q15uu16uuxx            00| ||ara d</controlfield><datafield tag="035" ind1=" " ind2=" "><subfield code="a">(MiU)006491348</subfield></datafield><datafield tag="035" ind1=" " ind2=" "><subfield code="a">sdr-miu006491348</subfield></datafield><datafield tag="040" ind1=" " ind2=" "><subfield code="a">MiU</subfield><subfield code="c">MiU</subfield><subfield code="e">amremm</subfield></datafield><datafield tag="043" ind1=" " ind2=" "><subfield code="a">n-us-mi</subfield></datafield><datafield tag="100" ind1="1" ind2=" "><subfield code="6">880-01</subfield><subfield code="a">Qudūrī, Aḥmad ibn Muḥammad,</subfield><subfield code="d">972 or 973-1037.</subfield></datafield><datafield tag="240" ind1="1" ind2="0"><subfield code="6">880-02</subfield><subfield code="a">Mukhtaṣar</subfield></datafield><datafield tag="245" ind1="1" ind2="0"><subfield code="6">880-03</subfield><subfield code="a">Kitāb Qudūrī,</subfield><subfield code="f">[late 16th or early 17th century?].</subfield></datafield><datafield tag="260" ind1=" " ind2=" "><subfield code="c">[15-- or 16--?]</subfield></datafield><datafield tag="300" ind1=" " ind2=" "><subfield code="a">111 leaves</subfield><subfield code="b">paper ;</subfield><subfield code="c">222 x 167 (165 x 95) mm.</subfield></datafield><datafield tag="500" ind1=" " ind2=" "><subfield code="a">Shelfmark: Ann Arbor, University of Michigan, Special Collections Library, Isl. Ms. 98</subfield></datafield><datafield tag="500" ind1=" " ind2=" "><subfield code="a">Origin: Lacks dated colophon ; paper would suggest late 16th or early 17th century.</subfield></datafield><datafield tag="500" ind1=" " ind2=" "><subfield code="a">Accompanying materials: Three folded half-sheets of blue wove paper (with embossed mark with crown above "BATH") carrying excerpts in black ink (paginated pp.43-54).</subfield></datafield><datafield tag="500" ind1=" " ind2=" "><subfield code="a">Former shelfmark: British Museum, London "No. 32. Commentary on Kuduri."</subfield></datafield><datafield tag="500" ind1=" " ind2=" "><subfield code="a">Binding: Limp to semi-limp in black leather ; Type III binding (without flap) ; board linings in paper ; upper and lower covers bear blind-stamped central mandorla (vegetal design, both vertical and horizontal symmetry, difficult to tell whether includes chī clouds or not, possibly Déroche NSd) and pendants with incised rule-border and corner pieces ; sewn in cream thread, two stations ; fine worked chevron endbands in green and red ; in poor condition with severe moisture damage, shrinkage (upper cover especially), abrasion of cover designs, cracking and lifting of leather at spine, etc.</subfield></datafield><datafield tag="500" ind1=" " ind2=" "><subfield code="a">Support: European laid paper with roughly 7 laid lines per cm. and chain lines (horizontal) spaced about 29 mm. apart ; three crescents / tre lune watermark (compare Heawood 865) ; wear to textblock due to ill-fitting cover, along with moisture damage and some ink burn.</subfield></datafield><datafield tag="500" ind1=" " ind2=" "><subfield code="a">Decoration: Text rubricated with section headings, keywords, overlining, etc. in red.</subfield></datafield><datafield tag="500" ind1=" " ind2=" "><subfield code="a">Script: Naskh ; bold Turkish (?) hand ; essentially serifless ; effect of slight tilt to the left ; mainly open counters ; often sweeping tail of final nūn or yāʼ essentially underlines following word ; occasionally vocalized.</subfield></datafield><datafield tag="500" ind1=" " ind2=" "><subfield code="a">Layout: Written in 19 lines per page ; frame-ruled (impression of ruling-board evident).</subfield></datafield><datafield tag="500" ind1=" " ind2=" "><subfield code="a">Collation: i, 10 V(100), V+1 (111), i ; chiefly quinions ; catchwords present ; foliation in black ink, Hindu-Arabic numerals, occasionally lost to wear (indiscriminately skips numerous leaves) ; pagination in pencil, Western numerals, supplied during digitization (includes flyleaves and insert).</subfield></datafield><datafield tag="500" ind1=" " ind2=" "><subfield code="a">Explicit: "فاذا صححت المسئلة المناسخة واردت معرفة ما يصيب كل واحد من حساب [؟] الدرهم قسمت ما صحت منه المسئلة على ثمانية واربعين فيما خرجت اخذت له من سهام وارث حبة والله اعلم بالصواب واليه المرجع والمآب تمت الكتاب بعون الله الملك الوهاب"</subfield></datafield><datafield tag="500" ind1=" " ind2=" "><subfield code="a">Incipit: "كتاب الطهارة قال الله تعالى يا ايها الذين امنوا اذا قمتم الى الصلوة فاغسلوا وجوهكم وايديكم الى المرافق وامسحوا برؤسكم وارجلكم الى الكعبين ..."</subfield></datafield><datafield tag="500" ind1=" " ind2=" "><subfield code="a">Title from heading on incipit page, fol.1b (p.4).</subfield></datafield><datafield tag="500" ind1=" " ind2=" "><subfield code="a">Ms. codex.</subfield></datafield><datafield tag="510" ind1="4" ind2=" "><subfield code="a">Brockelmann, C. GAL,</subfield><subfield code="c">I, 174/12 ; SI 296/8</subfield></datafield><datafield tag="520" ind1="8" ind2=" "><subfield code="a">Neat copy of the celebrated Ḥanafī legal manual by Abū al-Ḥusayn Aḥmad ibn Muḥammad al-Qudūrī (d.1037).</subfield></datafield><datafield tag="538" ind1=" " ind2=" "><subfield code="a">Mode of access: Internet.</subfield></datafield><datafield tag="541" ind1=" " ind2=" "><subfield code="c">Purchase ;</subfield><subfield code="a">Acquired by purchase along with Abdul Hamid Collection (funds donated by Horace Rackham).</subfield><subfield code="d">1924.</subfield></datafield><datafield tag="546" ind1=" " ind2=" "><subfield code="a">Arabic.</subfield></datafield><datafield tag="561" ind1=" " ind2=" "><subfield code="a">Bookplate of British Museum, London on inner front cover,"British Museum, London. No. 32. Commentary on Kuduri." ; circular seal impression with figure of goat/gazelle in purple ink as well as inscription "184" in Western numerals on front flyleaf (p.1) ; ownership statement in name of Ali Efendi on interior of lower cover reads "صاحب ومالك علي افندي" ; numerous marginal and interlinear corrections ; occasional glosses throughout.</subfield></datafield><datafield tag="650" ind1=" " ind2="0"><subfield code="a">Manuscripts, Arabic</subfield><subfield code="z">Michigan</subfield><subfield code="z">Ann Arbor.</subfield></datafield><datafield tag="650" ind1=" " ind2="0"><subfield code="a">Islamic law</subfield><subfield code="v">Early works to 1800.</subfield></datafield><datafield tag="650" ind1=" " ind2="0"><subfield code="a">Hanafites</subfield><subfield code="v">Early works to 1800.</subfield></datafield><datafield tag="773" ind1="0" ind2=" "><subfield code="a">Tiflis Collection.</subfield></datafield><datafield tag="880" ind1="1" ind2="0"><subfield code="6">245-03/</subfield><subfield code="a">كتاب قدوري,</subfield><subfield code="f">[اواخر القرن 16 او اوائل القرن 17م؟].</subfield></datafield><datafield tag="880" ind1="1" ind2="0"><subfield code="6">240-02/</subfield><subfield code="a">مختصر</subfield></datafield><datafield tag="880" ind1="1" ind2=" "><subfield code="6">100-01/</subfield><subfield code="a">قدوري، احمد بن محمد.</subfield></datafield><datafield tag="CID" ind1=" " ind2=" "><subfield code="a">006491348</subfield></datafield><datafield tag="DAT" ind1="0" ind2=" "><subfield code="a">20190719102634.0</subfield><subfield code="b">20190719000000.0</subfield></datafield><datafield tag="DAT" ind1="1" ind2=" "><subfield code="a">20190719090653.0</subfield><subfield code="b">2019-07-19T16:11:00Z</subfield></datafield><datafield tag="DAT" ind1="2" ind2=" "><subfield code="a">2015-10-10T18:00:06Z</subfield></datafield><datafield tag="CAT" ind1=" " ind2=" "><subfield code="a">SDR-MIU</subfield><subfield code="d">EX LIBRIS - ALEPH</subfield><subfield code="l">prepare.pl-004-008</subfield></datafield><datafield tag="FMT" ind1=" " ind2=" "><subfield code="a">BK</subfield></datafield><datafield tag="HOL" ind1=" " ind2=" "><subfield code="0">sdr-miu006491348</subfield><subfield code="a">MiU</subfield><subfield code="b">SDR</subfield><subfield code="c">MIU</subfield><subfield code="p">mdp.39015079124692</subfield><subfield code="s">MIU</subfield><subfield code="1">006491348</subfield></datafield><datafield tag="974" ind1=" " ind2=" "><subfield code="b">MIU</subfield><subfield code="c">MIU</subfield><subfield code="d">20190719</subfield><subfield code="s">lit-dlps-dc</subfield><subfield code="u">mdp.39015079124692</subfield><subfield code="y">1699</subfield><subfield code="r">pd</subfield><subfield code="q">bib</subfield><subfield code="t">non-US bib date2 &lt; 1879</subfield></datafield></record></collection>